<record><leader>00000cas a22000007a 4500</leader><controlfield tag="001">16573759</controlfield><controlfield tag="007">hd afu---baca</controlfield><controlfield tag="008">870827d19uu19uuctudr n a     0   c0rusod</controlfield><datafield ind1=" " ind2=" " tag="010"><subfield code="a">sn 87044517 </subfield></datafield><datafield ind1=" " ind2=" " tag="040"><subfield code="a">HLS</subfield><subfield code="b">eng</subfield><subfield code="c">HLS</subfield><subfield code="d">HUL</subfield><subfield code="d">OKU</subfield><subfield code="d">OCLCQ</subfield><subfield code="d">OCLCO</subfield><subfield code="d">OCLCF</subfield></datafield><datafield ind1=" " ind2=" " tag="012"><subfield code="i">8710</subfield></datafield><datafield ind1="1" ind2=" " tag="029"><subfield code="a">AU@</subfield><subfield code="b">000025812403</subfield></datafield><datafield ind1=" " ind2=" " tag="042"><subfield code="a">msc</subfield></datafield><datafield ind1=" " ind2=" " tag="043"><subfield code="a">e-ru---</subfield></datafield><datafield ind1="0" ind2=" " tag="130"><subfield code="a">Volna (Arkhangel&#697;sk, R.S.F.S.R.)</subfield></datafield><datafield ind1="1" ind2="0" tag="245"><subfield code="a">Volna</subfield><subfield code="h">[microform].</subfield></datafield><datafield ind1=" " ind2=" " tag="260"><subfield code="a">[Arkhangel&#697;sk] :</subfield><subfield code="b">Arkhangel&#697;skii&#774; gubkom R.K.P.(b), Gubispolkom, Gubprofsovet, i Gorsovet</subfield></datafield><datafield ind1=" " ind2=" " tag="300"><subfield code="a">v.</subfield></datafield><datafield ind1=" " ind2=" " tag="310"><subfield code="a">Daily</subfield></datafield><datafield ind1=" " ind2=" " tag="588"><subfield code="a">Description based on: No. 180 (13 avg. 1925 g.); title from caption.</subfield></datafield><datafield ind1=" " ind2=" " tag="533"><subfield code="a">Microfilm.</subfield><subfield code="b">Woodbridge, Conn. :</subfield><subfield code="c">Research Publications, Inc.,</subfield><subfield code="d">1985.</subfield><subfield code="e">2 microfilm reels ; 35 mm.</subfield><subfield code="f">(Newspapers from the Russian revolutionary era ; unit IV).</subfield></datafield><datafield ind1=" " ind2="0" tag="651"><subfield code="a">Arkhangel&#697;sk (Russia)</subfield><subfield code="v">Newspapers.</subfield></datafield><datafield ind1=" " ind2="7" tag="655"><subfield code="a">Newspapers.</subfield><subfield code="2">fast</subfield><subfield code="0">(OCoLC)fst01423814</subfield></datafield><datafield ind1=" " ind2="7" tag="651"><subfield code="a">Russia (Federation)</subfield><subfield code="z">Arkhangel&#697;sk.</subfield><subfield code="2">fast</subfield><subfield code="0">(OCoLC)fst01214250</subfield></datafield><datafield ind1="2" ind2=" " tag="710"><subfield code="a">Arkhangel&#697;skii&#774; gubkom R.K.P.(b)</subfield></datafield><datafield ind1=" " ind2="0" tag="830"><subfield code="a">Newspapers from the Russian revolutionary era ;</subfield><subfield code="v">unit 4.</subfield></datafield><datafield ind1=" " ind2=" " tag="850"><subfield code="a">MH</subfield></datafield></record>